@misc{wikimg:swstack,
  author={{Marobi1}},
  title={Semantic web stack},
  howpublished={URL \url{https://en.wikipedia.org/wiki/File:Semantic_web_stack.svg}},
  year={2014},
  note="[Revisado el 08/01/2016]"
}
@misc{lod:cloud,
  author={Max Schmachtenberg, Christian Bizer, Anja Jentzsch and Richard Cyganiak},
  title={Linking Open Data cloud diagram},
  howpublished={URL \url{http://lod-cloud.net/}},
  year={2014},
  note="[Revisado el 02/06/2016]"
}
